<?xml version="1.0" encoding="UTF-8"?><collection xmlns="http://www.loc.gov/MARC21/slim"><record><leader>00550nam--2200205-u-4500</leader><controlfield tag="001">000050483</controlfield><controlfield tag="002">20161230</controlfield><controlfield tag="003">81873</controlfield><controlfield tag="005">20161230201048</controlfield><controlfield tag="008">070404s1000------------r-----000-0-eng-d</controlfield><datafield ind1=" " ind2=" " tag="020"><subfield code="a">9810204868</subfield></datafield><datafield ind1=" " ind2=" " tag="040"><subfield code="a">IFIN-HH</subfield></datafield><datafield ind1=" " ind2=" " tag="080"><subfield code="a">(512.54:515.17):(076.3)</subfield></datafield><datafield ind1="1" ind2=" " tag="100"><subfield code="a">Tung,W.K</subfield></datafield><datafield ind1="1" ind2="0" tag="245"><subfield code="a">Group Theory in Physics</subfield><subfield code="b">Probelms Solutions by Michael Aivazis</subfield><subfield code="c">W.K. Tung</subfield></datafield><datafield ind1=" " ind2=" " tag="260"><subfield code="a">New Jersey</subfield><subfield code="b">World Scientific</subfield><subfield code="c">1991</subfield></datafield><datafield ind1=" " ind2=" " tag="300"><subfield code="a">111 p</subfield></datafield><datafield ind1=" " ind2="4" tag="650"><subfield code="a">Basic Group Theory</subfield></datafield><datafield ind1=" " ind2=" " tag="852"><subfield code="a">81873</subfield><subfield code="c">519.4/5</subfield></datafield><datafield ind1=" " ind2=" " tag="CAT"><subfield code="a">Sys</subfield><subfield code="c">20110314</subfield><subfield code="h">142457</subfield></datafield></record></collection>